@inproceedings{DBLP:conf/adbis/NovikovP03,
  author    = {Boris Novikov and
               Oleg Proskurnin},
  title     = {Towards Collaborative Video Authoring},
  booktitle = {ADBIS},
  year      = {2003},
  pages     = {370-380},
  ee        = {http://dx.doi.org/10.1007/978-3-540-39403-7_28},
  crossref  = {DBLP:conf/adbis/2003},
  bibsource = {DBLP, http://dblp.uni-trier.de}
}

@proceedings{DBLP:conf/adbis/2003,
  editor    = {Leonid A. Kalinichenko and
               Rainer Manthey and
               Bernhard Thalheim and
               Uwe Wloka},
  title     = {Advances in Databases and Information Systems, 7th East
               European Conference, ADBIS 2003, Dresden, Germany, September
               3-6, 2003, Proceedings},
  booktitle = {ADBIS},
  publisher = {Springer},
  series    = {Lecture Notes in Computer Science},
  volume    = {2798},
  year      = {2003},
  isbn      = {3-540-20047-9},
  bibsource = {DBLP, http://dblp.uni-trier.de}
}
