@inproceedings{Panchenko:18,
  author    = {Panchenko, Alexander and Lopukhina, Anastasia and Ustalov, Dmitry and Lopukhin, Konstantin and Arefyev, Nikolay and Leontyev, Alexey and Loukachevitch, Natalia},
  title     = {{RUSSE'2018: A Shared Task on Word Sense Induction for the Russian Language}},
  booktitle = {{Computational Linguistics and Intellectual Technologies: Papers from the Annual International Conference ``Dialogue''}},
  year      = {2018},
  pages     = {547--564},
  url       = {http://www.dialog-21.ru/media/4539/panchenkoaplusetal.pdf},
  address   = {Moscow, Russia},
  publisher = {RSUH},
  issn      = {2221-7932},
  language  = {english},
}

@inproceedings{Sharoff:11,
  author    = {Sharoff, Serge and Nivre, Joakim},
  title     = {{The proper place of men and machines in language technology}},
  booktitle = {{Computational Linguistics and Intellectual Technologies: papers from the Annual conference ``Dialogue''}},
  year      = {2011},
  pages     = {591--604},
  url       = {http://www.dialog-21.ru/media/1459/58.pdf},
  address   = {Bekasovo, Russia},
  publisher = {RGGU},
  issn      = {2221-7932},
  language  = {english},
}
